@software{blender,
	title= {Blender, Software},
	year= {2019}
}
@misc{cgcookiePuliero,
	title= {Max Puliero: "I Use Blender Because It's
	Powerful, Not Because It's Free".},
	author = {Pavla Karon},
	date = {2017-9-19},
	year={2017},
	howpublished = {\url{https://cgcookie.com/articles/max-puliero.}}
}
@misc{wikiBlender,
	title = {Blender (software). Wikipedia},
	author = {Wikipedia},
	howpublished = {\url{https://en.wikipedia.org/wiki/Blender\_(software)}}
}
@misc{wikiRefractiveIndex,
	title={Wikiskripta. File:Refractive\_index\_pic.png.},
	author = {Cddwumich},
	date = {2011-4-2},
	year = {2011},
	howpublished = {\url{https://www.wikiskripta.eu/w/Index\_lomu\_sv%C4%9Btla#/media/File:Refractive\_index\_pic.png}}
}

@misc{texture-Tactile,
	title = {Tactile Paving #03. CC0 Textures},
	author = {StruffelProductions},
	date = {2018-10-6},
	year = {2018},
	howpublished = {\url{https://cc0textures.com/view?tex=TactilePaving03}}
}
@misc{texture-Tile,
title = {Tiles #36. CC0 Textures},
author = {StruffelProductions},
date = {2019-3-9},
year = {2019},
howpublished = {\url{https://cc0textures.com/view?tex=Tiles36}}
}

@misc{ubisoft-news-BlenderDevFund,
	title = {Ubisoft Joins Blender Development Fund toSupport Open Source Animation.},
	author = {Ubisoft News},
	date = {2019-6-22},
	year = {2019},
	howpublished = {\url{https://news.ubisoft.com/en-us/article/1Fse1XyXzj76UJ1gKFohbz/ubisoft-joins-blender-development-fund-to-support-open-source-animation}}	
}

@misc{netflix-nextgen,
	title = {Next Gen},
	author = {Netflix},
	year = {2018},
	howpublished = {\url{https://www.netflix.com/cz-en/title/80988892}}
}

@misc{ton-roosendaal,
	title = {File:Ton Roosendaal on Big Buck Bunnypremiere by William Maanders 2008.jpg on Wikimedia},
	author = {William Manders},
	year = {2008},
	howpublished = {\url{https://commons.wikimedia.org/wiki/File:Ton\_Roosendaal\_on\_Big\_Buck\_Bunny\_premiere\_by\_William\_Maanders\_2008.jpg}}
}
@misc{blender-man,
	title = {BlenderManual},
	author = {Rensselaer},
	year = {1998},
	howpublished = {\url{http://www.rpi.edu/dept/acm/packages/blender/man/manual\_1.02/man/
	manual02.1a.html}}
}